<marcxml:record xmlns:xlink="http://www.w3.org/1999/xlink" xmlns:marcxml="http://www.loc.gov/MARC21/slim" xmlns:mets="http://www.loc.gov/METS/" xmlns:mxe="http://www.loc.gov/mxe" xmlns:rdf="http://www.w3.org/1999/02/22-rdf-syntax-ns#" xmlns:rdfs="http://www.w3.org/2000/01/rdf-schema#" xmlns:skos="http://www.w3.org/2004/02/skos/core#" xmlns:madsrdf="http://www.loc.gov/mads/rdf/v1#" xmlns:ri="http://id.loc.gov/ontologies/RecordInfo#" xmlns:sem="http://marklogic.com/semantics">
  <marcxml:leader>01076cz  a2200241n  4500</marcxml:leader>
  <marcxml:controlfield tag="001">n2014033988</marcxml:controlfield>
  <marcxml:controlfield tag="003">DLC</marcxml:controlfield>
  <marcxml:controlfield tag="005">20140621070533.0</marcxml:controlfield>
  <marcxml:controlfield tag="008">140611n| azannaabn          |b aaa      </marcxml:controlfield>
  <marcxml:datafield tag="010" ind1=" " ind2=" ">
    <marcxml:subfield code="a">n 2014033988</marcxml:subfield>
    <marcxml:subfield code="z">sh 85006024 </marcxml:subfield>
  </marcxml:datafield>
  <marcxml:datafield tag="040" ind1=" " ind2=" ">
    <marcxml:subfield code="a">DLC</marcxml:subfield>
    <marcxml:subfield code="b">eng</marcxml:subfield>
    <marcxml:subfield code="e">rda</marcxml:subfield>
    <marcxml:subfield code="c">DLC</marcxml:subfield>
    <marcxml:subfield code="d">DLC</marcxml:subfield>
  </marcxml:datafield>
  <marcxml:datafield tag="100" ind1="0" ind2=" ">
    <marcxml:subfield code="a">Apollo</marcxml:subfield>
    <marcxml:subfield code="c">(Deity)</marcxml:subfield>
  </marcxml:datafield>
  <marcxml:datafield tag="368" ind1=" " ind2=" ">
    <marcxml:subfield code="c">Gods, Greek</marcxml:subfield>
    <marcxml:subfield code="2">lcsh</marcxml:subfield>
  </marcxml:datafield>
  <marcxml:datafield tag="368" ind1=" " ind2=" ">
    <marcxml:subfield code="c">Gods, Roman</marcxml:subfield>
    <marcxml:subfield code="2">lcsh</marcxml:subfield>
  </marcxml:datafield>
  <marcxml:datafield tag="400" ind1="0" ind2=" ">
    <marcxml:subfield code="a">Apollōn</marcxml:subfield>
    <marcxml:subfield code="c">(Deity)</marcxml:subfield>
  </marcxml:datafield>
  <marcxml:datafield tag="400" ind1="0" ind2=" ">
    <marcxml:subfield code="a">Apellōn</marcxml:subfield>
    <marcxml:subfield code="c">(Deity)</marcxml:subfield>
  </marcxml:datafield>
  <marcxml:datafield tag="400" ind1="0" ind2=" ">
    <marcxml:subfield code="a">Apollo</marcxml:subfield>
    <marcxml:subfield code="c">(Greek deity)</marcxml:subfield>
  </marcxml:datafield>
  <marcxml:datafield tag="400" ind1="0" ind2=" ">
    <marcxml:subfield code="a">Apollo</marcxml:subfield>
    <marcxml:subfield code="c">(Roman deity)</marcxml:subfield>
  </marcxml:datafield>
  <marcxml:datafield tag="400" ind1="0" ind2=" ">
    <marcxml:subfield code="a">Απολλων</marcxml:subfield>
    <marcxml:subfield code="c">(Deity)</marcxml:subfield>
  </marcxml:datafield>
  <marcxml:datafield tag="400" ind1="0" ind2=" ">
    <marcxml:subfield code="a">Απελλων</marcxml:subfield>
    <marcxml:subfield code="c">(Deity)</marcxml:subfield>
  </marcxml:datafield>
  <marcxml:datafield tag="667" ind1=" " ind2=" ">
    <marcxml:subfield code="a">Non-Latin script references not evaluated.</marcxml:subfield>
  </marcxml:datafield>
  <marcxml:datafield tag="670" ind1=" " ind2=" ">
    <marcxml:subfield code="a">Oxford classical dictionary, 3rd ed., 1996 :</marcxml:subfield>
    <marcxml:subfield code="b">p. 122-123 (Apollo; Απολλων = Apollōn [romanized] or Doric Απελλων = Apellōn [romanized]; Greek god; son of Zeus and Leto and brother of Artemis)</marcxml:subfield>
  </marcxml:datafield>
  <marcxml:datafield tag="670" ind1=" " ind2=" ">
    <marcxml:subfield code="a">Morford, M. Classical mythology, 1985</marcxml:subfield>
    <marcxml:subfield code="b">p. 466 (Apollo is the name used for the god in Ennius's list of the Roman gods with their Greek equivalents) p. 484 (Apollo's cult began in Rome because of a plague in 433 B.C.)</marcxml:subfield>
  </marcxml:datafield>
</marcxml:record>
